<collection xmlns="http://www.loc.gov/MARC21/slim">
<record>
  <leader>01320nam0a22002531i 450 </leader>
  <controlfield tag="001">IT\ICCU\CNCE\071106</controlfield>
  <controlfield tag="005">20070618000000.0</controlfield>
  <datafield tag="100" ind1=" " ind2=" ">
    <subfield code="a">20070618d1600        0itac0103    ba</subfield>
  </datafield>
  <datafield tag="101" ind1=" " ind2=" ">
    <subfield code="a">ITA</subfield>
  </datafield>
  <datafield tag="102" ind1=" " ind2=" ">
    <subfield code="a">IT</subfield>
  </datafield>
  <datafield tag="200" ind1="1" ind2=" ">
    <subfield code="a">Ornamenti di fabriche antichi et moderni dell&apos;alma citta di Roma con le sue dichiaratione fatti da Bartolomeo Rossi fiorentino. ... Parte seconda. Ioannes maius Romanus delineauit anno iubilei 1600</subfield>
  </datafield>
  <datafield tag="210" ind1=" " ind2=" ">
    <subfield code="a">\Roma!</subfield>
    <subfield code="c">ad instanza di Andrea della Vaccaria all&apos;insegna della palma</subfield>
  </datafield>
  <datafield tag="215" ind1=" " ind2=" ">
    <subfield code="a">\22! c. di tav. calcogr.</subfield>
    <subfield code="c">ill.</subfield>
    <subfield code="d">4\</subfield>
  </datafield>
  <datafield tag="300" ind1=" " ind2=" ">
    <subfield code="a">ANNULLATA !!!! vedi 35738.Data del tit. -  L&apos;indicazione di edizione precede quella della pt. -  Tutto calcogr</subfield>
  </datafield>
  <datafield tag="620" ind1=" " ind2=" ">
    <subfield code="a">IT</subfield>
    <subfield code="d">Roma</subfield>
  </datafield>
  <datafield tag="700" ind1=" " ind2="1">
    <subfield code="a">Maggi,</subfield>
    <subfield code="b">Giovanni</subfield>
    <subfield code="3">IT\ICCU\CNCA\010038</subfield>
  </datafield>
  <datafield tag="702" ind1=" " ind2="1">
    <subfield code="a">Rossi,</subfield>
    <subfield code="b">Bartolomeo</subfield>
    <subfield code="c"> &lt;fiorentino&gt;</subfield>
    <subfield code="3">IT\ICCU\CNCA\010261</subfield>
  </datafield>
  <datafield tag="712" ind1="0" ind2="0">
    <subfield code="a">Della_Vaccheria, Andrea</subfield>
    <subfield code="3">IT\ICCU\CNCT\002781</subfield>
    <subfield code="4">650</subfield>
  </datafield>
  <datafield tag="790" ind1=" " ind2="1">
    <subfield code="a">Maius,</subfield>
    <subfield code="b">Ioannes</subfield>
    <subfield code="3">IT\ICCU\CNCA\020905</subfield>
    <subfield code="z">Maggi, Giovanni</subfield>
  </datafield>
  <datafield tag="790" ind1=" " ind2="1">
    <subfield code="a">De_Rossi,</subfield>
    <subfield code="b">Bartolomeo</subfield>
    <subfield code="3">IT\ICCU\CNCA\024223</subfield>
    <subfield code="z">Rossi, Bartolomeo &lt;fiorentino&gt;</subfield>
  </datafield>
  <datafield tag="791" ind1="0" ind2="0">
    <subfield code="a">Vaccarius, Andreas</subfield>
    <subfield code="3">IT\ICCU\CNCT\003754</subfield>
    <subfield code="z">Della_Vaccheria, Andrea</subfield>
  </datafield>
  <datafield tag="791" ind1="0" ind2="0">
    <subfield code="a">Vaccheria, Andrea della</subfield>
    <subfield code="3">IT\ICCU\CNCT\003755</subfield>
    <subfield code="z">Della_Vaccheria, Andrea</subfield>
  </datafield>
  <datafield tag="791" ind1="0" ind2="0">
    <subfield code="a">Vaccaria, Andrea della</subfield>
    <subfield code="3">IT\ICCU\CNCT\004589</subfield>
    <subfield code="z">Della_Vaccheria, Andrea</subfield>
  </datafield>
  <datafield tag="801" ind1=" " ind2="3">
    <subfield code="a">IT</subfield>
    <subfield code="b">ICCU</subfield>
    <subfield code="c">20201115</subfield>
  </datafield>
</record>
</collection>
